<?xml version="1.0" encoding="UTF-8"?><collection xmlns="http://www.loc.gov/MARC21/slim"><record><leader>00645nam--2200181-i-4500</leader><controlfield tag="001">000031065</controlfield><controlfield tag="002">20161230</controlfield><controlfield tag="005">20161230201038</controlfield><controlfield tag="008">060222s1000------------r-----000-0-eng-d</controlfield><datafield ind1=" " ind2=" " tag="040"><subfield code="a">IFIN-HH</subfield></datafield><datafield ind1=" " ind2=" " tag="080"><subfield code="a">539.1.07:539.16.081</subfield></datafield><datafield ind1="1" ind2=" " tag="110"><subfield code="a">United States Department Of Commerce</subfield></datafield><datafield ind1="1" ind2="0" tag="245"><subfield code="a">A manual of radioactivity procedures</subfield><subfield code="b">Recomendations of the national committee on radiation protection and measurements, ncrp report no.28</subfield></datafield><datafield ind1=" " ind2=" " tag="260"><subfield code="a">Washington</subfield><subfield code="b">National Bureau Of Standards</subfield><subfield code="c">1961</subfield></datafield><datafield ind1=" " ind2=" " tag="300"><subfield code="a">VIII + 159P</subfield></datafield><datafield ind1=" " ind2=" " tag="490"><subfield code="a">National Bureau Of Standards</subfield><subfield code="v">Handbook 80</subfield></datafield><datafield ind1=" " ind2=" " tag="852"><subfield code="a">21916</subfield><subfield code="c">539.1.07:539.1.08</subfield></datafield><datafield ind1=" " ind2=" " tag="CAT"><subfield code="a">Sys</subfield><subfield code="c">20111019</subfield><subfield code="h">085252</subfield></datafield></record></collection>